@online{incendio,
title = "3,6 milhões de sites saíram do ar, após grande incêndio no Data Center da OVH",
url   = "http://olhartech.com/36-milhoes-de-sites-sairam-do-ar-apos-grande-incendio-no-data-center-da-ovh/",
year = "2021",
}

@online{senior,
title = "LGPD: O que é, como vai funcionar e o que muda para sua empresa",
year = "2019",
url = "https://www.senior.com.br/blog/lgpd-o-que-e-como-vai-funcionar-e-o-que-muda-para-sua-empresa"
}

@online{spyware,
title = "O que é spyware? - Definição",
year = "2022",
url = "https://www.kaspersky.com.br/resource-center/threats/spyware"
}

@article{lgpd,
author = "Brasil",
title = "Lei Geral de Proteção de Dados Pessoais (LGPD).",
year = "2018"
}